<?xml version="1.0" encoding="UTF-8"?><collection xmlns="http://www.loc.gov/MARC21/slim"><record><leader>00492nam--2200169-i-4500</leader><controlfield tag="001">000013411</controlfield><controlfield tag="002">20161230</controlfield><controlfield tag="005">20161230201030</controlfield><controlfield tag="008">060222s1000------------r-----000-0-eng-d</controlfield><datafield ind1=" " ind2=" " tag="040"><subfield code="a">IFIN-HH</subfield></datafield><datafield ind1=" " ind2=" " tag="080"><subfield code="a">539.16:546.49:541.28(043)</subfield></datafield><datafield ind1="1" ind2=" " tag="100"><subfield code="a">Cole, Jerald Donald</subfield></datafield><datafield ind1="1" ind2="0" tag="245"><subfield code="a">Shape coexistence of light, even a mercury isotopes</subfield><subfield code="b">Dissertation</subfield><subfield code="c">Jerald donald cole</subfield></datafield><datafield ind1=" " ind2=" " tag="260"><subfield code="a">Delft</subfield><subfield code="b">Technische Hogeschool</subfield><subfield code="c">1978</subfield></datafield><datafield ind1=" " ind2=" " tag="300"><subfield code="a">79P</subfield></datafield><datafield ind1=" " ind2=" " tag="852"><subfield code="a">48633</subfield><subfield code="c">539.16</subfield></datafield><datafield ind1=" " ind2=" " tag="CAT"><subfield code="a">Sys</subfield><subfield code="c">20120515</subfield><subfield code="h">163811</subfield></datafield></record></collection>